<?xml version="1.0" encoding="UTF-8"?><collection xmlns="http://www.loc.gov/MARC21/slim"><record><leader>00570nam--2200193-u-4500</leader><controlfield tag="001">000051291</controlfield><controlfield tag="002">20161230</controlfield><controlfield tag="005">20161230201049</controlfield><controlfield tag="008">080613s1000------------r-----000-0-eng-d</controlfield><datafield ind1=" " ind2=" " tag="020"><subfield code="a">4-314-10138-5</subfield></datafield><datafield ind1=" " ind2=" " tag="040"><subfield code="a">IFIN-HH</subfield></datafield><datafield ind1=" " ind2=" " tag="080"><subfield code="a">514.765</subfield></datafield><datafield ind1="1" ind2=" " tag="100"><subfield code="a">Bannai, Eiichi (Ed.)</subfield></datafield><datafield ind1="1" ind2="0" tag="245"><subfield code="a">Analysus in Homogeneous Spaces and Representation Thoery of Lie Groups, Okayama-Kyoto</subfield></datafield><datafield ind1=" " ind2=" " tag="260"><subfield code="a">Tokyo</subfield><subfield code="b">KinokuniyaCompany LTD</subfield><subfield code="c">2000</subfield></datafield><datafield ind1=" " ind2=" " tag="300"><subfield code="a">359 p</subfield></datafield><datafield ind1=" " ind2=" " tag="490"><subfield code="a">Advanced Studies in Pure Mathematics</subfield><subfield code="v">vol. 26</subfield></datafield><datafield ind1=" " ind2=" " tag="852"><subfield code="a">81469</subfield><subfield code="c">515/516</subfield></datafield><datafield ind1=" " ind2=" " tag="CAT"><subfield code="a">Sys</subfield><subfield code="c">20080613</subfield><subfield code="h">123143</subfield></datafield></record></collection>